@misc{chaudhry2019efficientlifelonglearningagem,
	title={Efficient Lifelong Learning with A-GEM}, 
	author={Arslan Chaudhry and Marc'Aurelio Ranzato and Marcus Rohrbach and Mohamed Elhoseiny},
	year={2019},
	eprint={1812.00420},
	archivePrefix={arXiv},
	primaryClass={cs.LG},
	url={https://arxiv.org/abs/1812.00420}, 
}

@misc{mammoth,
	author       = {Pietro Buzzega, Matteo Boschini, Angelo Porrello, Davide Abati, Simone Calderara},
	title        = {Mammoth: A PyTorch Library for Continual Learning},
	year         = {2024},
	url          = {https://github.com/aimagelab/mammoth},
	note         = {Accessed: 2024-11-27}
}

@misc{dl_model_complexity_survey,
	title={Model Complexity of Deep Learning: A Survey}, 
	author={Xia Hu and Lingyang Chu and Jian Pei and Weiqing Liu and Jiang Bian},
	year={2021},
	eprint={2103.05127},
	archivePrefix={arXiv},
	primaryClass={cs.LG},
	url={https://arxiv.org/abs/2103.05127}, 
}

@article{catastrophic_forgetting,
	author = {French, Robert},
	year = {1999},
	month = {05},
	pages = {128-135},
	title = {Catastrophic forgetting in connectionist networks},
	volume = {3},
	journal = {Trends in cognitive sciences},
	doi = {10.1016/S1364-6613(99)01294-2}
}

@misc{hanin2019complexitylinearregionsdeep,
	title={Complexity of Linear Regions in Deep Networks}, 
	author={Boris Hanin and David Rolnick},
	year={2019},
	eprint={1901.09021},
	archivePrefix={arXiv},
	primaryClass={stat.ML},
	url={https://arxiv.org/abs/1901.09021}, 
}
@misc{li2017learningforgetting,
	title={Learning without Forgetting}, 
	author={Zhizhong Li and Derek Hoiem},
	year={2017},
	eprint={1606.09282},
	archivePrefix={arXiv},
	primaryClass={cs.CV},
	url={https://arxiv.org/abs/1606.09282}, 
}